<record><leader>00000cas a22000007a 4500</leader><controlfield tag="001">15338070</controlfield><controlfield tag="008">870318d19371973inuwr ne      0    0eng d</controlfield><datafield ind1=" " ind2=" " tag="010"><subfield code="a">sn 87055668 </subfield></datafield><datafield ind1=" " ind2=" " tag="040"><subfield code="a">NPI</subfield><subfield code="b">eng</subfield><subfield code="c">NPI</subfield><subfield code="d">OCLCQ</subfield></datafield><datafield ind1=" " ind2=" " tag="042"><subfield code="a">msc</subfield></datafield><datafield ind1="0" ind2=" " tag="130"><subfield code="a">Howard County news (Greentown, Ind. : 1937)</subfield></datafield><datafield ind1="1" ind2="4" tag="245"><subfield code="a">The Howard County news.</subfield></datafield><datafield ind1=" " ind2=" " tag="260"><subfield code="a">Greentown, Ind. :</subfield><subfield code="b">Milton M. Ferguson,</subfield><subfield code="c">-1973.</subfield></datafield><datafield ind1=" " ind2=" " tag="310"><subfield code="a">Weekly</subfield></datafield><datafield ind1="1" ind2=" " tag="362"><subfield code="a">Began with June 4, 1937 issue.</subfield></datafield><datafield ind1="0" ind2=" " tag="362"><subfield code="a">-79th year, no. 8 (Feb. 22, 1973).</subfield></datafield><datafield ind1=" " ind2=" " tag="500"><subfield code="a">Title layout: Howard news County, with "News" in large letters, May 21, 1970-Feb. 22, 1973.</subfield></datafield><datafield ind1=" " ind2=" " tag="588"><subfield code="a">Description based on: 46th year, v. no. 9 (Dec. 22, 1939).</subfield></datafield><datafield ind1=" " ind2=" " tag="752"><subfield code="a">United States</subfield><subfield code="b">Indiana</subfield><subfield code="c">Howard</subfield><subfield code="d">Greentown.</subfield></datafield><datafield ind1="0" ind2="4" tag="780"><subfield code="t">Kokomo times</subfield></datafield><datafield ind1="0" ind2="4" tag="780"><subfield code="t">Greentown gem</subfield><subfield code="w">(DLC)sn 87055660</subfield></datafield><datafield ind1="0" ind2="0" tag="785"><subfield code="t">News (Greentown, Ind.)</subfield><subfield code="w">(DLC)sn 87055661</subfield></datafield></record>